@article{wilkerson2012differential,
  title={Differential pathogenesis of lung adenocarcinoma subtypes
involving sequence mutations, copy number, chromosomal instability,
and methylation},
  author={Wilkerson, Matthew D and Yin, Xiaoying and Walter, Vonn and
Zhao, Ni and Cabanski, Christopher R and Hayward, Michele C and
Miller, C Ryan and Socinski, Mark A and Parsons, Alden M and Thorne,
Leigh B and others},
  journal={PLoS One},
  volume={7},
  number={5},
  pages={e36530},
  year={2012},
  doi={10.1371/journal.pone.0036530},
  publisher={Public Library of Science}
}

@article{budczies2012remodeling,
  title={Remodeling of central metabolism in invasive breast cancer
compared to normal breast tissue--a {GC-TOFMS} based metabolomics
study},
  author={Budczies, Jan and Denkert, Carsten and M{\"u}ller, Berit M
and Brockm{\"o}ller, Scarlet F and Klauschen, Frederick and
Gy{\"o}rffy, Balazs and Dietel, Manfred and Richter-Ehrenstein,
Christiane and Marten, Ulrike and Salek, Reza M and others},
  journal={BMC Genomics},
  volume={13},
  number={1},
  pages={334},
  year={2012},
  publisher={BioMed Central Ltd}
}

@article{jolij2011act,
  title={Act quickly, decide later: Long-latency visual processing
underlies perceptual decisions but not reflexive behavior},
  author={Jolij, Jacob and Scholte, H Steven and van Gaal, Simon and
Hodgson, Timothy L and Lamme, Victor AF},
  journal={Journal of Cognitive Neuroscience},
  volume={23},
  number={12},
  pages={3734--3745},
  year={2011},
  publisher={MIT Press}
}

@article{gazinska2013comparison,
  title={Comparison of basal-like triple-negative breast cancer defined by morphology, immunohistochemistry and transcriptional profiles},
  author={Gazinska, Patrycja and Grigoriadis, Anita and Brown, John P and Millis, Rosemary R and Mera, Anca and Gillett, Cheryl E and Holmberg, Lars H and Tutt, Andrew N and Pinder, Sarah E},
  journal={Modern Pathology},
  volume={26},
  number={7},
  pages={955--966},
  year={2013},
  publisher={Nature Publishing Group}
}


@article{margolis2011literature,
  title={A literature review of domain adaptation with unlabeled data},
  author={Margolis, Anna},
  journal={Technical Report, University of Washington},
  pages={35},
  year={2011}
}

@article{hyde2012mnemonic,
  title={Mnemonic representations of transient stimuli and temporal
sequences in the rodent hippocampus in vitro},
  author={Hyde, Robert A and Strowbridge, Ben W},
  journal={Nature Neuroscience},
  volume={15},
  number={10},
  pages={1430--1438},
  year={2012},
  publisher={Nature Publishing Group}
}


@article{haibe2012three,
  title={A three-gene model to robustly identify breast cancer
molecular subtypes},
  author={Haibe-Kains, Benjamin and Desmedt, Christine and Loi,
Sherene and Culhane, Aedin C and Bontempi, Gianluca and Quackenbush,
John and Sotiriou, Christos},
  journal={Journal of the National Cancer Institute},
  volume={104},
  number={4},
  pages={311--325},
  year={2012},
  publisher={Oxford University Press}
}

@article{desmet2013identification,
  title={Identification of a pharmacologically tractable Fra-1/ADORA2B axis promoting breast cancer metastasis},
  author={Desmet, Christophe J and Gallenne, Tristan and Prieur, Alexandre and Reyal, Fabien and Visser, Nils L and Wittner, Ben S and Smit, Marjon A and Geiger, Thomas R and Laoukili, Jamila and Iskit, Sedef and others},
  journal={Proceedings of the National Academy of Sciences},
  volume={110},
  number={13},
  pages={5139--5144},
  year={2013},
  publisher={National Acad Sciences}
}



@article{sjodahl2012molecular,
  title={A molecular taxonomy for urothelial carcinoma},
  author={Sj{\"o}dahl, Gottfrid and Lauss, Martin and L{\"o}vgren,
Kristina and Chebil, Gunilla and Gudjonsson, Sigurdur and Veerla,
Srinivas and Patschan, Oliver and Aine, Mattias and Fern{\"o},
M{\aa}rten and Ringn{\'e}r, Markus and others},
  journal={Clinical Cancer Research},
  volume={18},
  number={12},
  pages={3377--3386},
  year={2012},
  publisher={AACR}
}

@article{ackermann2013detection,
  title={Detection of the characteristic pion-decay signature in supernova remnants},
  author={Ackermann, Markus and Ajello, M.  and Allafort, A.  and Baldini, L.  and Ballet, J.  and Barbiellini, G.  and others},
  journal={Science},
  volume={339},
  number={6121},
  pages={807--811},
  year={2013},
  publisher={American Association for the Advancement of Science}
}

@article{allen2013network,
  title={Network-Based Diffusion Analysis Reveals Cultural Transmission of Lobtail Feeding in Humpback Whales},
  author={Allen, Jenny and Weinrich, Mason and Hoppitt, Will and Rendell, Luke},
  journal={Science},
  volume={340},
  number={6131},
  pages={485--488},
  year={2013},
  publisher={American Association for the Advancement of Science}
}

@article{chung2013single,
  title={Single-molecule fluorescence probes dynamics of barrier crossing},
  author={Chung, Hoi Sung and Eaton, William A},
  journal={Nature},
  volume={502},
  number={7473},
  pages={685--688},
  year={2013},
  publisher={Nature Publishing Group}
}


@article{brunton2013rats,
  title={Rats and Humans Can Optimally Accumulate Evidence for Decision-Making},
  author={Brunton, Bingni W.  and Botvinick, Matthew M.  and Brody, Carlos D. },
  journal={Science},
  volume={340},
  number={6128},
  pages={95--98},
  year={2013},
  publisher={American Association for the Advancement of Science}
}

@article{price2012cyanophora,
  title={Cyanophora paradoxa genome elucidates origin of photosynthesis in algae and plants},
  author={Price, Dana C.  and Chan, Cheong Xin and Yoon, Hwan Su and Yang, Eun Chan and Qiu, Huan and others},
  journal={Science},
  volume={335},
  number={6070},
  pages={843--847},
  year={2012},
  publisher={American Association for the Advancement of Science}
}


@article{villamil2012colon,
  title={Colon cancer molecular subtypes identified by expression
profiling and associated to stroma, mucinous type and different
clinical behavior},
  author={Villamil, Beatriz Perez and Lopez, Alejandro Romera and
Prieto, Susana Hernandez and Campos, Guillermo Lopez and Calles,
Antonio and Asenjo, Jose Antonio Lopez and Ortega, Julian Sanz and
Perez, Cristina Fernandez and Sastre, Javier and Alfonso, Rosario and
others},
  journal={BMC Cancer},
  volume={12},
  number={1},
  pages={260},
  year={2012},
  publisher={BioMed Central Ltd}
}




@incollection{torrey2009transfer,
  title={Transfer learning},
  author={Torrey, Lisa and Shavlik, Jude},
  booktitle={Handbook of Research on Machine Learning Applications and Trends: Algorithms, Methods, and Techniques},
  year={2010},
  chapter={11},
  pages={242--264},
  editor={Olivas, Emilio Soria and Guerrero, Jos{\'e} David Mart{\'\i}n and Sober, Marcelino Martinez and Benedito, Jose Rafael Magdalena and L{\'o}pez, Antonio Jos{\'e} Serrano},
  publisher={Information Science Reference}
}


@inproceedings{lewis1994sequential,
  title={A sequential algorithm for training text classifiers},
  author={Lewis, David D and Gale, William A},
  booktitle={Proceedings of the 17th Annual International ACM SIGIR Conference on Research and Development in Information Retrieval},
  pages={3--12},
  year={1994},
  organization={Springer-Verlag New York, Inc.}
}


@techreport{vzliobaite2010learning,
  title={Learning under Concept Drift: an Overview},
  author={{\v{Z}}liobait{\.e}, Indr{\.e}},
  archivePrefix = "arXiv",
  eprint = {1010.4784},
  year={2009},
  institution={Vilnius University}
}

@techreport{settles2010active,
  title={Active Learning Literature Survey},
  author={Settles, Burr},
  institution={University of Wisconsin, Madison},
  year={2010}
}

@article{steinwart05,
  title={Consistency of support vector machines and other regularized kernel classifiers},
  author={Steinwart, Ingo},
  journal={IEEE Transactions on Information Theory},
  volume={51},
  number={1},
  pages={128--142},
  year={2005},
  publisher={IEEE}
}


@book{devroye1996probabilistic,
  title={A probabilistic theory of pattern recognition},
  author={Devroye, Luc and Gy\"{o}rfi, L and Lugosi, G.},
  year={1996},
  publisher={Springer Science \& Business Media}
}


@book{robert2001bayesian,
  title={The {B}ayesian Choice: From Decision-Theoretic Foundations to Computational Implementation},
  author={Robert, Christian P},
  year={2001},
  publisher={Springer-Verlag, New York}
}

@article{rao1948utilization,
  title={The utilization of multiple measurements in problems of biological classification},
  author={Rao, C Radhakrishna},
  journal={Journal of the Royal Statistical Society. Series B (Methodological)},
  volume={10},
  number={2},
  pages={159--203},
  year={1948}
}

@book{scholkopf2002learning,
  title={Learning with kernels: Support vector machines, regularization, optimization, and beyond},
  author={Sch{\"o}lkopf, Bernhard and Smola, Alexander J},
  year={2002},
  publisher={MIT press}
}

@inproceedings{masnadi2008design,
  title={On the design of loss functions for classification: theory, robustness to outliers, and savageboost},
  author={Masnadi-Shirazi, Hamed and Vasconcelos, Nuno},
  booktitle={Advances in Neural Information Processing Systems},
  pages={1049--1056},
  year={2008}
}


@techreport{buja,
    author    = {Andreas Buja and Werner Stuetzle and Yi Shen},
    title     = {Loss functions for binary class probability estimation and classification: Structure and applications},
    institution = {Deptartment of Statistics, University of Pennsylvania},
    type     = "technical report",
    year      = "2005"
}

@inproceedings{scott2011surrogate,
  title={Surrogate losses and regret bounds for cost-sensitive classification with example-dependent costs},
  author={Scott, Clayton},
  booktitle={Proceedings of the 28th International Conference on Machine Learning},
  pages={153--160},
  year={2011}
}

@article{reid2010composite,
  title={Composite binary losses},
  author={Reid, Mark D. and Williamson, Robert C.},
  journal={Journal of Machine Learning Research},
  volume={11},
  pages={2387--2422},
  year={2010}
}


@article{yang2011effect,
  title={The Effect of Model Misspecification on Semi-Supervised Classification},
  author={Yang, Ting and Priebe, Carey E},
  journal={IEEE Transactions on Pattern Analysis and Machine Intelligence},
  volume={33},
  number={10},
  pages={2093--2103},
  year={2011},
  publisher={IEEE}
}

@article{efronXXX,
  title={Statistical Modeling: The Two Cultures: Comment},
  author={Efron, Brad},
  journal={Statistical Science},
  volume={16},
  number={3},
  pages={218--219},
  year={2001}
}


@book{fukunaga90,
  title={Introduction to Statistical Pattern Recognition},
  author={Fukunaga, K.},
  year={1990},
  publisher={Academic Press}
}


@inproceedings{loog10x,
  title={Constrained parameter estimation for semi-supervised learning: the case of the nearest mean classifier},
  author={Loog, M.},
  booktitle={Machine Learning and Knowledge Discovery in Databases (ECML PKDD 2010)},
  pages={291--304},
  year={2010},
  volume={6322},
  series={LNAI},
  publisher={Springer}
}

@inproceedings{basu02a,
  title={Semi-supervised clustering by seeding},
  author={Basu, S. and Banerjee, A. and Mooney, R.},
  booktitle={Proceedings of the 19th International Conference on Machine Learning},
  pages={19--26},
  year={2002}
}

@article{cohen04a,
  title={Semisupervised learning of classifiers: Theory, algorithms, and their application to human-computer interaction},
  author={Cohen, Ira and Cozman, Fabio Gagliardi and Sebe, Nicu and Cirelo, Marcelo Cesar and Huang, Thomas S},
  journal={IEEE Transactions on Pattern Analysis and Machine Intelligence},
  volume={26},
  number={12},
  pages={1553--1566},
  year={2004},
  publisher={IEEE}
}


@book{duda72a,
  title={Pattern classification and scene analysis},
  author={R.O. Duda and P.E. Hart},
  year={1973},
  publisher={John Wiley \& Sons}
}


@conference{nigam98a,
  title={Learning to classify text from labeled and unlabeled documents},
  author={Nigam, K. and McCallum, A. and Thrun, S. and Mitchell, T.},
  booktitle={Proceedings of the Fifteenth National Conference on Artificial Intelligence},
  pages={792--799},
  year={1998}
}

@inproceedings{vittaut02,
  title={Learning Classification with Both Labeled and Unlabeled Data},
  author={Vittaut, J.N. and Amini, M.R. and Gallinari, P.},
  booktitle={Machine Learning: ECML 2002 (Lecture Notes in Computer Science Volume 2430)},
  pages={468-479},
  year={2002}
}


